<?xml version = "1.0" encoding = "UTF-8"?><OAI-PMH xmlns="http://www.openarchives.org/OAI/2.0/" xmlns:xsi="http://www.w3.org/2001/XMLSchema-instance" xsi:schemaLocation="http://www.openarchives.org/OAI/2.0/ http://www.openarchives.org/OAI/2.0/OAI-PMH.xsd"><ListRecords><record><header><identifier>aleph-publish:000254477</identifier></header><metadata><record xmlns="http://www.ddb.de/professionell/mabxml/mabxml-1.xsd"><leader>00642vM2.01200024------h</leader><controlfield tag="LDR">00642vM2.01200024------h</controlfield><controlfield tag="FMT">MH</controlfield><datafield tag="001" ind1="-" ind2="1"><subfield code="a">HT000290078</subfield></datafield><datafield tag="002" ind1="a" ind2="1"><subfield code="a">19840831</subfield></datafield><datafield tag="003" ind1="-" ind2="1"><subfield code="a">20070718</subfield></datafield><datafield tag="026" ind1="-" ind2="1"><subfield code="a">HBZHT000290078</subfield></datafield><controlfield tag="030">a|1uc||||||35</controlfield><controlfield tag="050">a|||||||||||||</controlfield><controlfield tag="051">m|||||||</controlfield><datafield tag="070" ind1="-" ind2="1"><subfield code="a">HBZ/Off</subfield></datafield><datafield tag="070" ind1="b" ind2="1"><subfield code="a">290</subfield></datafield><datafield tag="078" ind1="b" ind2="1"><subfield code="a">mbalt</subfield></datafield><datafield tag="080" ind1="-" ind2="1"><subfield code="a">60</subfield></datafield><datafield tag="100" ind1="b" ind2="1"><subfield code="p">Aigner, Johann</subfield></datafield><datafield tag="310" ind1="-" ind2="1"><subfield code="a">NEUE GRAMMATIK IM DEUTSCHUNTERRICHT FUER- ZEHN- BIS FUENFZEHNJAEHRIGE</subfield></datafield><datafield tag="331" ind1="-" ind2="1"><subfield code="a">NEUE GRAMMATIK IM DEUTSCHUNTERRICHT FUER 10 - 15JAEHRIGE</subfield></datafield><datafield tag="335" ind1="-" ind2="1"><subfield code="a">E. HANDBUCH FUER D. LEHRER ; FACHLICHE ANREGUNGEN U. PRAKTISCHE BEISPIELE MIT VERWENDUNG D. SATZFIGUREN</subfield></datafield><datafield tag="359" ind1="-" ind2="1"><subfield code="a">VERF. VON E. ARBEITSGEMEINSCHAFT IM RAHMEN D. OESTERR. VERSUCHSSCHULWESENS: JOHANN AIGNER .</subfield></datafield><datafield tag="410" ind1="-" ind2="1"><subfield code="a">WIEN</subfield></datafield><datafield tag="412" ind1="-" ind2="1"><subfield code="a">HOELDER-PICHLER-TEMPSKY</subfield></datafield><datafield tag="415" ind1="-" ind2="1"><subfield code="a">GRAZ</subfield></datafield><datafield tag="417" ind1="-" ind2="1"><subfield code="a">LEYKAM</subfield></datafield><datafield tag="425" ind1="a" ind2="1"><subfield code="a">1976</subfield></datafield><datafield tag="433" ind1="-" ind2="1"><subfield code="a">X, 99 S. : GRAPH. DARST.</subfield></datafield><datafield tag="540" ind1="a" ind2="1"><subfield code="a">3-209-00173-1</subfield></datafield><controlfield tag="SYS">000254477</controlfield><datafield tag="088" ind1=" " ind2=" "><subfield code="a">290</subfield><subfield code="b">F_ZB</subfield><subfield code="c">C 32930</subfield><subfield code="e">ILL Kopie+Ausl.</subfield></datafield></record></metadata></record></ListRecords></OAI-PMH>